<record><leader>00000cas a2200000 a 4500</leader><controlfield tag="001">20621018</controlfield><controlfield tag="008">891109c19839999nyuwr ne      0   b0fre c</controlfield><datafield ind1=" " ind2=" " tag="010"><subfield code="a">sn 89002293 </subfield></datafield><datafield ind1=" " ind2=" " tag="040"><subfield code="a">NSD</subfield><subfield code="b">eng</subfield><subfield code="c">NSD</subfield><subfield code="d">YOX</subfield><subfield code="d">NYS</subfield><subfield code="d">OCLCQ</subfield><subfield code="d">NDD</subfield><subfield code="d">DLC</subfield><subfield code="d">OCLCF</subfield><subfield code="d">OCLCO</subfield></datafield><datafield ind1=" " ind2=" " tag="012"><subfield code="l">1</subfield><subfield code="m">1</subfield></datafield><datafield ind1="0" ind2=" " tag="022"><subfield code="a">1047-1405</subfield><subfield code="l">1047-1405</subfield><subfield code="2">1</subfield></datafield><datafield ind1="1" ind2=" " tag="029"><subfield code="a">AU@</subfield><subfield code="b">000020568569</subfield></datafield><datafield ind1=" " ind2=" " tag="032"><subfield code="a">005044</subfield><subfield code="b">USPS</subfield></datafield><datafield ind1="0" ind2=" " tag="041"><subfield code="a">frecpf</subfield></datafield><datafield ind1=" " ind2=" " tag="042"><subfield code="a">nsdp</subfield><subfield code="a">pcc</subfield></datafield><datafield ind1=" " ind2=" " tag="043"><subfield code="a">n-us-ny</subfield></datafield><datafield ind1="1" ind2="0" tag="082"><subfield code="a">071</subfield><subfield code="2">11</subfield></datafield><datafield ind1="0" ind2=" " tag="210"><subfield code="a">Haiti prog.</subfield></datafield><datafield ind1=" " ind2="0" tag="222"><subfield code="a">Haiti progres</subfield></datafield><datafield ind1="0" ind2="0" tag="245"><subfield code="a">Haiti progres.</subfield></datafield><datafield ind1=" " ind2=" " tag="260"><subfield code="a">Brooklyn, NY :</subfield><subfield code="b">Hai&#776;ti Progre&#768;s</subfield></datafield><datafield ind1=" " ind2=" " tag="270"><subfield code="a">Haiti Progres, 1398 Flatbush Ave., Brooklyn, NY 11210</subfield></datafield><datafield ind1=" " ind2=" " tag="300"><subfield code="a">v. :</subfield><subfield code="b">ill.</subfield></datafield><datafield ind1=" " ind2=" " tag="310"><subfield code="a">Weekly</subfield></datafield><datafield ind1="0" ind2=" " tag="362"><subfield code="a">Vol. 1, no. 1 (15 au 21 avril, 1983)-</subfield></datafield><datafield ind1=" " ind2=" " tag="500"><subfield code="a">Published simultaneously in Port-au-Prince, Haiti and Brooklyn, N.Y.</subfield></datafield><datafield ind1=" " ind2=" " tag="500"><subfield code="a">"Le journal qui offre une alternative," 1983-</subfield></datafield><datafield ind1=" " ind2=" " tag="530"><subfield code="a">Available on microfilm from Norman Ross Publishing, Inc., New York, N.Y. and the New York Public Library (1987-2000).</subfield></datafield><datafield ind1=" " ind2=" " tag="546"><subfield code="a">French and Creole.</subfield></datafield><datafield ind1=" " ind2=" " tag="588"><subfield code="a">Description based on: Vol. 4, no. 43 (28 janv. au 3 fe&#769;vr. 1987).</subfield></datafield><datafield ind1=" " ind2="0" tag="650"><subfield code="a">Haitians</subfield><subfield code="z">United States</subfield><subfield code="v">Newspapers.</subfield></datafield><datafield ind1=" " ind2="0" tag="651"><subfield code="a">Brooklyn (New York, N.Y.)</subfield><subfield code="v">Newspapers.</subfield></datafield><datafield ind1=" " ind2="0" tag="651"><subfield code="a">Kings County (N.Y.)</subfield><subfield code="v">Newspapers.</subfield></datafield><datafield ind1=" " ind2="0" tag="651"><subfield code="a">Haiti</subfield><subfield code="v">Newspapers.</subfield></datafield><datafield ind1=" " ind2="7" tag="655"><subfield code="a">Newspapers.</subfield><subfield code="2">fast</subfield><subfield code="0">(OCoLC)fst01423814</subfield></datafield><datafield ind1=" " ind2="7" tag="650"><subfield code="a">Haitians.</subfield><subfield code="2">fast</subfield><subfield code="0">(OCoLC)fst00950478</subfield></datafield><datafield ind1=" " ind2="7" tag="651"><subfield code="a">Haiti.</subfield><subfield code="2">fast</subfield><subfield code="0">(OCoLC)fst01205135</subfield></datafield><datafield ind1=" " ind2="7" tag="651"><subfield code="a">New York (State)</subfield><subfield code="z">Kings County.</subfield><subfield code="2">fast</subfield><subfield code="0">(OCoLC)fst01220099</subfield></datafield><datafield ind1=" " ind2="7" tag="651"><subfield code="a">New York (State)</subfield><subfield code="z">New York</subfield><subfield code="z">Brooklyn.</subfield><subfield code="2">fast</subfield><subfield code="0">(OCoLC)fst01312516</subfield></datafield><datafield ind1=" " ind2="7" tag="651"><subfield code="a">United States.</subfield><subfield code="2">fast</subfield><subfield code="0">(OCoLC)fst01204155</subfield></datafield><datafield ind1=" " ind2=" " tag="752"><subfield code="a">United States</subfield><subfield code="b">New York</subfield><subfield code="c">Kings</subfield><subfield code="d">Brooklyn.</subfield></datafield><datafield ind1="0" ind2="8" tag="776"><subfield code="i">Online version:</subfield><subfield code="t">Hai&#776;ti Progre&#768;s</subfield><subfield code="x">1605-9247</subfield></datafield><datafield ind1="1" ind2=" " tag="776"><subfield code="c">Microfilm</subfield><subfield code="d">New York Public Library</subfield><subfield code="w">(DLC)sn 94092747</subfield><subfield code="w">(OCoLC)32785632</subfield></datafield><datafield ind1="4" ind2="1" tag="856"><subfield code="u">http://www.haiti-progres.com/</subfield></datafield></record>